<record><leader>00000cas a2200000 a 4500</leader><controlfield tag="001">45261562</controlfield><controlfield tag="008">001031d19931997orumr ne      0    0eng c</controlfield><datafield ind1=" " ind2=" " tag="010"><subfield code="a">sn 00063645 </subfield></datafield><datafield ind1=" " ind2=" " tag="040"><subfield code="a">OCN</subfield><subfield code="b">eng</subfield><subfield code="c">OCN</subfield><subfield code="d">OCLCQ</subfield><subfield code="d">OCLCF</subfield><subfield code="d">OCLCO</subfield></datafield><datafield ind1="1" ind2=" " tag="029"><subfield code="a">AU@</subfield><subfield code="b">000022026946</subfield></datafield><datafield ind1=" " ind2=" " tag="042"><subfield code="a">pcc</subfield></datafield><datafield ind1=" " ind2=" " tag="043"><subfield code="a">n-us-or</subfield></datafield><datafield ind1="0" ind2="0" tag="245"><subfield code="a">Scio community news and Scio advertiser.</subfield></datafield><datafield ind1="1" ind2=" " tag="246"><subfield code="i">Issue for Mar., 1993 called:</subfield><subfield code="a">Scio advertiser and Scio community news</subfield></datafield><datafield ind1="1" ind2="3" tag="246"><subfield code="a">Scio advertiser</subfield></datafield><datafield ind1="1" ind2="7" tag="246"><subfield code="a">Scio community news</subfield></datafield><datafield ind1=" " ind2=" " tag="260"><subfield code="a">Scio, Or. :</subfield><subfield code="b">Jim Nieuwstraten,</subfield><subfield code="c">1993-1997.</subfield></datafield><datafield ind1=" " ind2=" " tag="300"><subfield code="a">v.</subfield></datafield><datafield ind1=" " ind2=" " tag="310"><subfield code="a">Monthly</subfield></datafield><datafield ind1="0" ind2=" " tag="362"><subfield code="a">Mar., 1993-Dec., 1997.</subfield></datafield><datafield ind1=" " ind2=" " tag="530"><subfield code="a">Also issued on microfilm from University of Oregon.</subfield></datafield><datafield ind1=" " ind2="0" tag="651"><subfield code="a">Scio (Or.)</subfield><subfield code="v">Newspapers.</subfield></datafield><datafield ind1=" " ind2="7" tag="655"><subfield code="a">Newspapers.</subfield><subfield code="2">fast</subfield><subfield code="0">(OCoLC)fst01423814</subfield></datafield><datafield ind1=" " ind2="7" tag="651"><subfield code="a">Oregon</subfield><subfield code="z">Scio.</subfield><subfield code="2">fast</subfield><subfield code="0">(OCoLC)fst01236039</subfield></datafield><datafield ind1=" " ind2=" " tag="752"><subfield code="a">United States</subfield><subfield code="b">Oregon</subfield><subfield code="c">Linn</subfield><subfield code="d">Scio.</subfield></datafield><datafield ind1="0" ind2="4" tag="780"><subfield code="t">Scio advertiser</subfield></datafield><datafield ind1="0" ind2="4" tag="780"><subfield code="t">Scio community news</subfield><subfield code="w">(DLC)sn 00063644</subfield></datafield><datafield ind1="0" ind2="0" tag="785"><subfield code="t">Scio community news &amp; advertiser</subfield><subfield code="w">(DLC)sn 00063646</subfield></datafield></record>